%!TEX program = bibtex
%!TEX root = main.tex
@article{simonPlants,
title = "Why plants need more than one type of auxin",
journal = "Plant Science",
volume = "180",
number = "3",
pages = "454 - 460",
year = "2011",
issn = "0168-9452",
doi = "https://doi.org/10.1016/j.plantsci.2010.12.007",
url = "http://www.sciencedirect.com/science/article/pii/S0168945210003444",
author = "Sibu Simon and Jan Petrášek",
keywords = "Auxin, IAA, 4-Cl-IAA, IBA, PAA",
}

@article{hydroxyIAA,
author = {Ek, Arvid and Witkop, Bernhard},
title = {The Synthesis of Labile Hydroxy\-tryptophan Metabolites},
journal = {Journal of the American Chemical Society},
volume = {76},
number = {22},
pages = {5579-5588},
year = {1954},
doi = {10.1021/ja01651a001},

URL = { 
        https://doi.org/10.1021/ja01651a001
    
},
eprint = { 
        https://doi.org/10.1021/ja01651a001
    
}

}



@article{foxFisherSynthesis,
author = {Fox, Sidney W. and Bullock, Milon W.},
title = {Synthesis of Indoleacetic Acid from Glutamic Acid and a Proposed Mechanism for the Conversion},
journal = {Journal of the American Chemical Society},
volume = {73},
number = {6},
pages = {2754-2755},
year = {1951},
doi = {10.1021/ja01150a094},

URL = { 
        https://doi.org/10.1021/ja01150a094
    
},
eprint = { 
        https://doi.org/10.1021/ja01150a094
    
}

}


@book{simonBook,
  author    = {John ApSimon}, 
  title     = {The Total Synthesis of Natural Products},
  publisher = {Wiley-InterScience},
  year      = 1977,
  volume    = 3,
  address   = {Carleton University, Ottawa},
  edition   = 1,
  note      = {p.279},
  isbn      = {978-0-470-12966-1}
}


@article{geissmanMethiodide,
author = {Geissman, T. A. and Armen, Ardy},
title = {The Reaction of Gramine with Methyl Iodide. The Preparation and Properties of Gramine Methiodide},
journal = {Journal of the American Chemical Society},
volume = {74},
number = {15},
pages = {3916-3919},
year = {1952},
doi = {10.1021/ja01135a061},

URL = { 
        https://doi.org/10.1021/ja01135a061
    
},
eprint = { 
        https://doi.org/10.1021/ja01135a061
    
}
}


@article{snyderAlkylation,
author = {Snyder, H. R. and Smith, Curtis W. and Stewart, John M.},
title = {Carbon-Alkyl\-ation with Quater\-nary Ammonium Salts. A New Approach to the Synthesis of Compounds Containing the β-Indolemethylene Group},
journal = {Journal of the American Chemical Society},
volume = {66},
number = {2},
pages = {200-204},
year = {1944},
doi = {10.1021/ja01230a012},

URL = { 
        https://doi.org/10.1021/ja01230a012
    
},
eprint = { 
        https://doi.org/10.1021/ja01230a012
    
}

}

 



@article{cyanomethylationMurpy,
author = {Eliel, Ernest L. and Murphy, Neal J.},
title = {Cyanomethylation of Indole with Diethyl\-amino\-acetonitrile},
journal = {Journal of the American Chemical Society},
volume = {75},
number = {14},
pages = {3589-3590},
year = {1953},
doi = {10.1021/ja01110a506},

URL = { 
        https://doi.org/10.1021/ja01110a506
    
},
eprint = { 
        https://doi.org/10.1021/ja01110a506
    
}

}

@article{directSynth,
author = {Johnson, Herbert E. and Crosby, Donald G.},
title = {Indole-3-acetic acid},
journal = {Organic syntheses},
volume = {64},
number = {44},
year = {1964},
doi = {10.15227/orgsyn.044.0064},

URL = { 
        http://www.orgsyn.org/demo.aspx?prep=CV5P0654#Ref654N7
    
},
eprint = { 
        http://www.orgsyn.org/demo.aspx?prep=CV5P0654#Ref654N7
    
}

}

@misc{patentDiazo,
  author       = {Бокарев К.С. and Мельников Н.Н. and Наметкин С.С.
}, 
  title        = {СПОСОБ ПОЛУ\-ЧЕНИЯ ЭФИРОВ 3-ИНДОЛИЛ\-УКСУСНОЙ КИСЛОТЫ

},
  month        = 1,
  year         = 1949,
  URL         = {https://elibrary.ru/item.asp?id=39474414}
}


@misc{patentGramine,
  author       = {Дзабановский Н.А., Наметкин С.С., Фаворская Н.А.
}, 
  title        = {СПОСОБ ПОЛУЧЕНИЯ ГЕТЕРОАУКСИНА ИЗ ГРАМИНА

},
  month        = 7,
  year         = 1949,
  URL         = {https://elibrary.ru/item.asp?id=39516037}
}









@article{pyruvateKishernWolfOckerman,
author = {Ockerman, Louis T. and Schreyer, James M.},
title = {Preparation of Sodium Ferrate(VI)},
journal = {Journal of the American Chemical Society},
volume = {73},
number = {11},
pages = {5478-5478},
year = {1951},
doi = {10.1021/ja01155a545},

URL = { 
        https://doi.org/10.1021/ja01155a545
    
},
eprint = { 
        https://doi.org/10.1021/ja01155a545
    
}

}


@article{suzukiJuraj,
author = {Velcicky, Juraj and Soicke, Arne and Steiner, Roland and Schmalz, Hans-Günther},
title = {Palladium-\-Catalyzed Cyano\-methylation of Aryl Halides through Domino Suzuki Coupling–Isoxazole Fragmentation},
journal = {Jour\-nal of the Ameri\-can Che\-mical So\-ciety},
volume = {133},
number = {18},
pages = {6948-6951},
year = {2011},
doi = {10.1021/ja201743j},
    note ={PMID: 21504197},

URL = { 
        https://doi.org/10.1021/ja201743j
    
},
eprint = { 
        https://doi.org/10.1021/ja201743j
    
}

}


